/home/felippe/Documents/ms-project.bib